@BOOK{digi,
  TITLE = {The Linux Programming Interface},
  AUTHOR = {Michael Kerrisk},
  YEAR = {2010}, 
  PUBLISHER = {Adison-Wiley},
}

@BOOK{bib0,
  TITLE = {https://www.gnu.org/prep/standards/html node/Writing-C.html},
  AUTHOR = {Making The Best Use Of C},
}


@BOOK{bib1,
  TITLE = {https://github.com/torvalds/linux/tree/master/Documentation/process},
  AUTHOR = {L.Trovalds},
}


@BOOK{bib2,
  TITLE = {https://www.gnu.org/software/libc/manual/},
  AUTHOR = {GNU LibC},
}





