@misc{WinNT,
  title = {{Desarrollo de aplicaciones en LPCXpresso basadas en
RTOS} },
  howpublished = {\url{http://www.sase.com.ar/2011/files/2010/11/SASE2011-Desarrollo-Apliaciones-RTOS-LPCXpresso.pdf}}  
}



@BOOK{digi,
  TITLE = {Using the FreeRTOS Real Time Kernel },
  SUBTITLE = { ARM Cortex-M3 Edition},
  AUTHOR = {Richard Barry},
  YEAR = {2010}, 
  PUBLISHER = {Real Time Engineers Ltd},
}


@misc{WinN3T,
  title = {{freeRTOS} },
  howpublished = {\url{https://www.freertos.org}}  
}

